@misc{Beezer11,
    author    = "Robert A. Beezer",
    title     = "{S}age for {L}inear {A}lgebra",
    howpublished = {\url{http://linear.ups.edu/download/fcla-2.22-sage-4.7.1-preview.pdf}},
    year      = "2011"
}

@book{Brandt,
    author    = "{R}on {B}randt",
    title     = "Powerful Learning",
    publisher = "Association for Supervision and Curriculum Development",
    year      = "1998"
}

@article{JoynerStein07,
    author  = "David Joyner and William Stein",
    title   = "Open Source Mathematical Software",
    year    = "2007",
    month   = "November",
    journal = "Notices of the AMS",
    pages   = "1279"
}

@misc{Hefferon12,
    author    = "Jim Hef{}feron",
    title     = "{L}inear {A}lgebra",
    howpublished = {\url{http://joshua.smcvt.edu/linearalgebra}},
    year      = "2012"
}

@misc{SageTeam12ref,
    author    = "{S}age {D}evelopment {Team}",
    title     = "Sage Reference Manual 5.3",
    howpublished = {\url{http://www.sagemath.org/pdf/reference.pdf}},
    year      = "2012"
}

@misc{SageTeam12,
    author    = "{S}age {D}evelopment {Team}",
    title     = "Sage Tutorial 5.3",
    howpublished = {\url{http://www.sagemath.org/pdf/SageTutorial.pdf}},
    year      = "2012"
}

@book{Suzuki,
    author    = "{S}hunryu {S}uzuki",
    title     = "Zen Mind, Beginners Mind",
    publisher = "Shambhala",
    year      = "2006"
}
